%%%%%%%%%%%%%%%%%%%%%%%%%%%%%%%%%%%%%%%%%
%Citeerstijlen:
%
%@book{Xbook,
%    author    = "",
%    title     = "",
%    publisher = "",
%    %volume   = "",
%    %number   = "",
%    %series   = "",
%    %address  = "",
%    %edition  = "",
%    year      = "XXXX",
%    %month    = "",
%    %note     = "",
%}
%@article{Xarticle,
%    author    = "",
%    title     = "",
%    journal   = "",
%    %volume   = "",
%    %number   = "",
%    %pages    = "",
%    year      = "XXXX",
%    %month    = "",
%    %note     = "",
%}
%
%@conference{Xconference,
%    author    = "",
%    title     = "",
%    booktitle = "",
%    %editor   = "",
%    %volume   = "",
%    %number   = "",
%    %series   = "",
%    %pages    = "",
%    %address  = "",
%    year      = "XXXX",
%    %month    = "",
%    %publisher= "",
%    %note     = "",
%}
%
%@misc{Xmisc,
%    %author    = "",
%    %title     = "",
%    %howpublished = "",
%    %year     = "XXXX",
%    %month    = "",
%    %note     = "",
%}
%%%%%%%%%%%%%%%%%%%%%%%%%%%%%%%%%%%%%%%%%

@conference{fpga,
    author    = "F. Sironi, M. Triverio, H. Hoffmann et al.",
    title     = "Self-Aware Adaptation in FPGA-based Systems",
    booktitle = "International Conference on Field Programmable Logic and Applications (FPL)",
    %editor   = "",
    %volume   = "",
    %number   = "",
    %series   = "",
    pages    = "187-192",
    %address  = "",
    year      = "2010",
    month    = "August",
    %publisher= "",
    %note     = "",
}

@conference{why,
    author    = "R. Sterritt \& M. Hinchey",
    title     = "Why Computer-Based Systems should be Autonomic",
    booktitle = "International Conference and Workshop on the Engineering of Computer-Based Systems (ECBS)",
    %editor   = "",
    %volume   = "",
    %number   = "",
    %series   = "",
    pages    = "187-192",
    %address  = "",
    year      = "2005",
    month    = "April",
    %publisher= "",
    %note     = "",
    